--TEST--
marc_002: iterate and pretty print MARC records from a file with multiple records
--SKIPIF--
<?php include('tests/skipif.inc'); ?>
--FILE--
<?php
$dir = dirname(__FILE__);
require __DIR__ . '/bootstrap.php';
$marc_file = new File_MARC($dir . '/' . 'music.mrc');

while ($marc_record = $marc_file->next()) {
  print $marc_record;
  print "\n";
}
?>
--EXPECT--
LDR 01145ncm  2200277 i 4500
001     000073594
004     AAJ5802
005     20030415102100.0
008     801107s1977    nyujza                   
010    _a   77771106 
035    _a(CaOTUIC)15460184
035 9  _aAAJ5802
040    _aLC
050 00 _aM1366
       _b.M62
       _dM1527.2
245 04 _aThe Modern Jazz Quartet :
       _bThe legendary profile. --
260    _aNew York :
       _bM.J.Q. Music,
       _cc1977.
300    _ascore (72 p.) ;
       _c31 cm.
500    _aFor piano, vibraphone, drums, and double bass.
505 0  _aLewis, J. Django.--Lewis, J. Plastic dreams (music from the film Kemek).--Lewis, J. Dancing (music from the film Kemek).--Lewis, J. Blues in A minor.--Lewis, J. Blues in B♭.--Lewis, J. Precious joy.--Jackson, M. The martyr.--Jackson, M. The legendary profile.
650  0 _aJazz.
650  0 _aMotion picture music
       _vExcerpts
       _vScores.
700 12 _aLewis, John,
       _d1920-
       _tSelections.
       _f1977.
700 12 _aJackson, Milt.
       _tMartyrs.
       _f1977.
700 12 _aJackson, Milt.
       _tLegendary profile.
       _f1977.
740 4  _aThe legendary profile.
852 00 _bMUSIC
       _cMAIN
       _kfolio
       _hM1366
       _iM62
       _91
       _4Marvin Duchow Music
       _5

