LDR 01293cjm  2200289 a 4500
001     001878039
005     20050110174900.0
007     sd fungnn|||e|
008     940202r19931981nyujzn   i              d
024 1  _a7464573372
028 02 _aJK 57337
       _bRed Baron
035    _a(OCoLC)29737267
040    _aSVP
       _cSVP
       _dLGG
100 1  _aDesmond, Paul,
       _d1924-
245 10 _aPaul Desmond & the Modern Jazz Quartet
       _h[sound recording]
260    _aNew York, N.Y. :
       _bRed Baron :
       _bManufactured by Sony Music Entertainment,
       _cp1993.
300    _a1 sound disc (39 min.) :
       _bdigital ;
       _c4 3/4 in.
511 0  _aPaul Desmond, alto saxophone; Modern Jazz Quartet: John Lewis, piano; Milt Jackson, vibraphone; Percy Heath, bass; Connie Kay, drums.
500    _aAll arrangements by John Lewis.
518    _aRecorded live on December 25, 1971 at Town Hall, NYC.
500    _aOriginally released in 1981 by Finesse as LP FW 27487.
500    _aProgram notes by Irving Townsend, June 1981, on container insert.
505 0  _aGreensleeves -- You go to my head -- Blue dove -- Jesus Christ Superstar -- Here's that rainy day -- East of the sun -- Bags' new groove.
650  0 _aJazz
       _y1971-1980.
700 1  _aLewis, John,
       _d1920-
710 2  _aModern Jazz Quartet.
740 0  _aPaul Desmond and the Modern Jazz Quartet.

