LDR 01829cjm  2200385 a 4500
001     001964482
005     20060626132700.0
007     sd fzngnn|m|e|
008     871211p19871957nyujzn                  d
024 1  _a4228332902
028 01 _a833 290-2
       _bVerve
033 0  _a19571027
       _b6299
       _cD56
033 0  _a196112--
       _b3804
       _cN4
033 0  _a19571019
       _b4104
       _cC6
033 0  _a197107--
       _b6299
       _cV7
035    _a(OCoLC)17222092
040    _aCPL
       _cCPL
       _dOCL
       _dLGG
048    _apz01
       _aka01
       _asd01
       _apd01
110 2  _aModern Jazz Quartet.
       _4prf
245 14 _aThe Modern Jazz Quartet plus
       _h[sound recording].
260    _a[New York] :
       _bVerve,
       _cp1987.
300    _a1 sound disc :
       _bdigital ;
       _c4 3/4 in.
440  0 _aCompact jazz
511 0  _aModern Jazz Quartet (principally) ; Milt Jackson, vibraphone (2nd and 8th works) ; Oscar Peterson, piano (2nd and 8th works) ; Ray Brown, bass (2nd and 8th works) ; Ed Thigpen (2nd work), Louis Hayes (8th work), drums.
518    _aRecorded live, Oct. 27, 1957, at the Donaueschingen Jazz Festival (1st, 5th, 7th, and 10th works); Dec. 1961, in New York (2nd work); live, Oct. 19, 1957, at the Opera House, Chicago (3rd, 4th, 6th, and 9th works); July 1971, in Villingen, Germany (8th work).
500    _aCompact disc.
500    _aAnalog recording.
505 0  _aThe golden striker (4:08) -- On Green Dolphin Street (7:28) -- D & E (4:55) -- I'll remember April (4:51) -- Cortège (7:15) -- Now's the time (4:43) -- J.B. blues (5:09) -- Reunion blues (6:35) -- 'Round midnight (3:56) -- Three windows (7:20).
650  0 _aJazz.
700 1  _aJackson, Milt.
       _4prf
700 1  _aPeterson, Oscar,
       _d1925-
       _4prf
700 1  _aBrown, Ray,
       _d1926-2002.
       _4prf
700 1  _aThigpen, Ed.
       _4prf
700 1  _aHayes, Louis,
       _d1937-
       _4prf
852 80 _bMUSIC
       _cAV
       _hCD 1131
       _4Marvin Duchow Music
       _5Audio-Visual
